
%
%  $Description: bibliography$
%
%  $Author: Vince Fasburg, Bonnie Reiff, Josh Thomas $
%  $Date: 2015/02/09 $
%  $Revision: 1.1 $
%

@misc
{samy,
    title = {UsbDriveby},
    author = {Kamkar, Samy},
    howpublished = {http://samy.pl/usbdriveby/}
}

@misc
{wang,
    title = {Attestation \& Authentication for USB Communications},
    author = {Zhaohui {Wang} and Angelos {Stavrou}},
    howpublished = {In Proceedings of the IEEE Sixth International Conference on Software Security and Reliability Companion},
    year = {2012}
}

@misc
{crenshaw,
    title = {Plug and Prey: Malicious USB Devices},
    author = {Adrian {Crenshaw}},
    howpublished = {Presented at Shmoocon},
    year = {2011}
}

@misc
{barbhuiya,
    title = {An Anomaly Based Approach for HID Attack Detection Using Keystroke Dynamics},
    author = {Ferdous {Barbhuiya} and Tonmoy {Saikia} and Sukumar {Nandi}},
    howpublished = {In Proceedings of the 4th International Conference on Cyberspace Safety and Security},
    year = {2012}
}

@misc
{nohl,
    title = {BadUSB - On accessories that turn evil},
    author = {Karsten {Nohl} and Jakob {Lell}},
    howpublished = {Presented at Black Hat, Las Vegas},
    month = {August},
    year = {2014}
}

@misc
{kim,
    title = {Java Swing Tutorial},
    author = {Kim, Miryung},
    year = {2014},
    howpublished = {http://users.ece.utexas.edu/~miryung/teaching/EE379K-Spring2014/SwingTutorial.html}
}

@misc
{hover,
    title = {Mouse Over Events with JButton},
    month = {April},
    year = {2015},
    howpublished = {http://stackoverflow.com/questions/15403909/mouse-over-events-with-jbutton}
}

@misc
{shahzad,
    author    = {Shahzad, Muhammad},
    title     = {Gesture and Typing-Based Behavioral Authentication},
    howpublished = {Presented to CSE-825},
    month     = {February},
    year      = {2015}
}

@misc
{turing,
    author = {Wikipedia},
    title = {Turing Test},
    howpublished = {http://en.wikipedia.org/wiki/Turing\_test},
    note = {(Date accessed 07-FEB-2015)}
}

@misc
{kernel,
    title = {The Linux Kernel Archives},
    month = {April},
    year = {2015},
    howpublished = {https://www.kernel.org/}
}

@misc
{ibm,
    title = {Kernel APIs, Part 1: Invoking user-space applications from the kernel},
    month = {April},
    year = {2015},
    howpublished = {http://www.ibm.com/developerworks/library/l-user-space-apps/}
}

@misc
{captcha,
    title = {Wikipedia - Captcha},
    month = {April},
    year = {2015},
    howpublished = {http://en.wikipedia.org/wiki/CAPTCHA}
}

@inproceedings
{crenshaw,
    title = {Plug and Prey: Malicious USB Devices},
    author = {Crenshaw, Adrian},
    year = {2011},
}

@misc
{kbuild,
    title = {Building External Modules},
    month = {April},
    year = {2015},
    howpublished = {https://www.kernel.org/doc/Documentation/kbuild/modules.txt}
}