
%
%  $Description: bibliography$
%
%  $Author: Vince Fasburg, Bonnie Reiff, Josh Thomas $
%  $Date: 2015/02/09 $
%  $Revision: 1.0 $
%

@misc
{samy,
    title = {UsbDriveby},
    author = {Kamkar, Samy},
    howpublished = {http://samy.pl/usbdriveby/}
}

@misc
{wang,
    title = {Attestation \& Authentication for USB Communications},
    author = {Zhaohui {Wang} and Angelos {Stavrou}},
    howpublished = {In Proceedings of the IEEE Sixth International Conference on Software Security and Reliability Companion},
    year = {2012}
}

@misc
{crenshaw,
    title = {Plug and Prey: Malicious USB Devices},
    author = {Adrian {Crenshaw}},
    howpublished = {Presented at Shmoocon},
    year = {2011}
}

@misc
{barbhuiya,
    title = {An Anomaly Based Approach for HID Attack Detection Using Keystroke Dynamics},
    author = {Ferdous {Barbhuiya} and Tonmoy {Saikia} and Sukumar {Nandi}},
    howpublished = {In Proceedings of the 4th International Conference on Cyberspace Safety and Security},
    year = {2012}
}

@misc
{nohl,
    title = {BadUSB - On accessories that turn evil},
    author = {Karsten {Nohl} and Jakob {Lell}},
    howpublished = {Presented at Black Hat, Las Vegas},
    month = {August},
    year = {2014}
}

@misc
{shahzad,
    author    = {Muhammad {Shahzad}},
    title     = {...},
    howpublished = {Presented to ECS-825},
    month     = {February},
    year      = {2015}
}

@misc
{wiki,
    author = {Wikipedia},
    title = {Turing Test},
    howpublished = {http://en.wikipedia.org/wiki/Turing\_test},
    note = {(Date accessed 07-FEB-2015)}
}