
%
%  $Description: Sample bibliography$
%
%  $Author: ienne $
%  $Date: 1995/09/15 15:19:53 $
%  $Revision: 1.3 $
%

@inproceedings{ lakshminarayanan05TCAM,
    author    = "Karthik Lakshminarayanan and Anand Rangarajan and Srinivasan Venkatachary",
    title     = "Algorithms for Advanced Packet Classification with Ternary CAMs",
    booktitle = "Proceedings of the ACM SIGCOMM",
    pages     = "193 - 204",
    month     = "August",
    city      = "Philadelphia",
    country   = "PA",
    year      = "2005"
}

@article{ lunteren03tcam,
    author  = "J. van Lunteren and T. Engbersen",
    title   = "Fast and Scalable Packet Classification",
    journal = "IEEE Journals on Selected Areas in Communications",
    volume  = "21",
    number  = "4",
    pages   = "560- 571",
    year    = "2003"
}

@Book{ex2,
   author =   "Expert, Andreas Nikolaos",
   title =   "A Book He Wrote",
   publisher =   "His Publisher",
   address = "Erewhon, NC",
   year =   "1999"
}
